@book{KN96,
  author = {Kushilevitz, Eyal and Nisan, Noam},
  title = {Communication Complexity},
  place = {Cambridge},
  doi = {10.1017/CBO9780511574948},
  publisher = {Cambridge University Press},
  year = {1996}
}

@book{RY20,
  author = {Rao, Anup and Yehudayoff, Amir},
  title = {Communication Complexity: and Applications},
  place = {Cambridge},
  doi = {10.1017/9781108671644},
  publisher = {Cambridge University Press},
  year = {2020}
}

@inproceedings{GP14,
  author    = {Mika G{\"{o}}{\"{o}}s and
               Toniann Pitassi},
  title     = {Communication lower bounds via critical block sensitivity},
  editor    = {David B. Shmoys},
  booktitle = {Symposium on Theory of Computing, {STOC} 2014, New York, NY, USA,
               May 31 - June 03, 2014},
  pages     = {847--856},
  publisher = {{ACM}},
  year      = {2014},
  url       = {https://doi.org/10.1145/2591796.2591838},
  doi       = {10.1145/2591796.2591838}
}

@article{Razb92,
  author    = {Alexander A. Razborov},
  title     = {On the Distributional Complexity of Disjointness},
  journal   = {Theor. Comput. Sci.},
  volume    = {106},
  number    = {2},
  pages     = {385--390},
  year      = {1992},
  url       = {https://doi.org/10.1016/0304-3975(92)90260-M},
  doi       = {10.1016/0304-3975(92)90260-M}
}

@article{HR92,
  author    = {Prahladh Harsha and Jaikumar Radhakrishnan},
  title     = {Lecture notes},
  url       = {http://www.tcs.tifr.res.in/~prahladh/teaching/2011-12/comm/}
}

@article{CKLM19,
    author = {Chattopadhyay, Arkadev and Kouck{\'{y}}, Michal and Loff, Bruno and Mukhopadhyay, Sagnik}, 
    title = {Simulation Theorems via Pseudo-random Properties},
    journal = {BULL. AMER. MATH. SOC.},
    issn = {1420-8954},
    year = {2019},
    volume = {28},
    issue = {4},
    doi = {https://doi.org/10.1007/s00037-019-00190-7}
}