@article{BPS07-search,
  author    = {Paul Beame and
               Toniann Pitassi and
               Nathan Segerlind},
  title     = {Lower Bounds for Lov[a-acute]sz--Schrijver Systems and Beyond Follow
               from Multiparty Communication Complexity},
  journal   = {{SIAM} J. Comput.},
  volume    = {37},
  number    = {3},
  pages     = {845--869},
  year      = {2007},
  url       = {https://doi.org/10.1137/060654645},
  doi       = {10.1137/060654645}
}

@inproceedings{BFS86-disj,
  author    = {L{\'{a}}szl{\'{o}} Babai and
               Peter Frankl and
               Janos Simon},
  title     = {Complexity classes in communication complexity theory (preliminary
               version)},
  booktitle = {27th Annual Symposium on Foundations of Computer Science, Toronto,
               Canada, 27-29 October 1986},
  pages     = {337--347},
  publisher = {{IEEE} Computer Society},
  year      = {1986},
  url       = {https://doi.org/10.1109/SFCS.1986.15},
  doi       = {10.1109/SFCS.1986.15}
}


@article{Razborov92-disj,
  author    = {Alexander A. Razborov},
  title     = {On the Distributional Complexity of Disjointness},
  journal   = {Theor. Comput. Sci.},
  volume    = {106},
  number    = {2},
  pages     = {385--390},
  year      = {1992},
  url       = {https://doi.org/10.1016/0304-3975(92)90260-M},
  doi       = {10.1016/0304-3975(92)90260-M}
}


@article{Newman91-pri-pub,
  author    = {Ilan Newman},
  title     = {Private vs. Common Random Bits in Communication Complexity},
  journal   = {Inf. Process. Lett.},
  volume    = {39},
  number    = {2},
  pages     = {67--71},
  year      = {1991},
  url       = {https://doi.org/10.1016/0020-0190(91)90157-D},
  doi       = {10.1016/0020-0190(91)90157-D}
}

@article{Neumann28-minimax,
  author    = {John von Neumann},
  title     = {Zur Theorie der Gesellschaftsspiele},
  journal   = {Mathematische Annalen},
  volume    = {100},
  issue     = {1},
  pages     = {295--320},
  year      = {1928},
  url       = {https://doi.org/10.1007/BF01448847},
  doi       = {10.1007/BF01448847}
}


@inproceedings{HN12-crit,
  author    = {Trinh Huynh and
               Jakob Nordstr{\"{o}}m},
  editor    = {Howard J. Karloff and
               Toniann Pitassi},
  title     = {On the virtue of succinct proofs: amplifying communication complexity
               hardness to time-space trade-offs in proof complexity},
  booktitle = {Proceedings of the 44th Symposium on Theory of Computing Conference,
               {STOC} 2012, New York, NY, USA, May 19 - 22, 2012},
  pages     = {233--248},
  publisher = {{ACM}},
  year      = {2012},
  url       = {https://doi.org/10.1145/2213977.2214000},
  doi       = {10.1145/2213977.2214000}
}

@article{HW07-disj,
  author    = {Johan H{\aa}stad and
               Avi Wigderson},
  title     = {The Randomized Communication Complexity of Set Disjointness},
  journal   = {Theory Comput.},
  volume    = {3},
  number    = {1},
  pages     = {211--219},
  year      = {2007},
  url       = {https://doi.org/10.4086/toc.2007.v003a011},
  doi       = {10.4086/toc.2007.v003a011}
}


@article{Lovett16-root,
  author    = {Shachar Lovett},
  title     = {Communication is Bounded by Root of Rank},
  journal   = {J. {ACM}},
  volume    = {63},
  number    = {1},
  pages     = {1:1--1:9},
  year      = {2016},
  url       = {https://doi.org/10.1145/2724704},
  doi       = {10.1145/2724704}
}

@inproceedings{Goos15-CIS,
  author    = {Mika G{\"{o}}{\"{o}}s},
  editor    = {Venkatesan Guruswami},
  title     = {Lower Bounds for Clique vs. Independent Set},
  booktitle = {{IEEE} 56th Annual Symposium on Foundations of Computer Science, {FOCS}
               2015, Berkeley, CA, USA, 17-20 October, 2015},
  pages     = {1066--1076},
  publisher = {{IEEE} Computer Society},
  year      = {2015},
  url       = {https://doi.org/10.1109/FOCS.2015.69},
  doi       = {10.1109/FOCS.2015.69}
}

@article{GP18-crit,
  author    = {Mika G{\"{o}}{\"{o}}s and
               Toniann Pitassi},
  title     = {Communication Lower Bounds via Critical Block Sensitivity},
  journal   = {{SIAM} J. Comput.},
  volume    = {47},
  number    = {5},
  pages     = {1778--1806},
  year      = {2018},
  url       = {https://doi.org/10.1137/16M1082007},
  doi       = {10.1137/16M1082007}
}

@article{Yannakakis91,
  author    = {Mihalis Yannakakis},
  title     = {Expressing Combinatorial Optimization Problems by Linear Programs},
  journal   = {J. Comput. Syst. Sci.},
  volume    = {43},
  number    = {3},
  pages     = {441--466},
  year      = {1991},
  url       = {https://doi.org/10.1016/0022-0000(91)90024-Y},
  doi       = {10.1016/0022-0000(91)90024-Y}
}

@article{KarWig90,
  author    = {Mauricio Karchmer and
               Avi Wigderson},
  title     = {Monotone Circuits for Connectivity Require Super-Logarithmic Depth},
  journal   = {{SIAM} J. Discret. Math.},
  volume    = {3},
  number    = {2},
  pages     = {255--265},
  year      = {1990},
  url       = {https://doi.org/10.1137/0403021},
  doi       = {10.1137/0403021}
}

@article{BeyGalLau10,
  author    = {Olaf Beyersdorff and
               Nicola Galesi and
               Massimo Lauria},
  title     = {A lower bound for the pigeonhole principle in tree-like Resolution
               by asymmetric Prover-Delayer games},
  journal   = {Inf. Process. Lett.},
  volume    = {110},
  number    = {23},
  pages     = {1074--1077},
  year      = {2010},
  url       = {https://doi.org/10.1016/j.ipl.2010.09.007},
  doi       = {10.1016/j.ipl.2010.09.007}
}

@article{And87,
  author = {А. Е. Андреев},
  title = {Об одном методе получения более чем квадратичных эффективных нижних оценок сложности $\pi$-схем},
  journal = {Вестн. Моск. ун-та. Сер.~1. Матем., мех.},
  year = {1987},
  issue = {1},
  pages = {70--73}
}

@article{Hastad98,
  author    = {Johan H{\aa}stad},
  title     = {The Shrinkage Exponent of de Morgan Formulas is 2},
  journal   = {{SIAM} J. Comput.},
  volume    = {27},
  number    = {1},
  pages     = {48--64},
  year      = {1998},
  url       = {https://doi.org/10.1137/S0097539794261556},
  doi       = {10.1137/S0097539794261556}
}

@article{KR11,
  author    = {Swastik Kopparty and
               Benjamin Rossman},
  title     = {The homomorphism domination exponent},
  journal   = {Eur. J. Comb.},
  volume    = {32},
  number    = {7},
  pages     = {1097--1114},
  year      = {2011},
  url       = {https://doi.org/10.1016/j.ejc.2011.03.009},
  doi       = {10.1016/j.ejc.2011.03.009}
}