@inproceedings{Razb89,
  author    = {Alexander A. Razborov},
  editor    = {David S. Johnson},
  title     = {On the Method of Approximations},
  booktitle = {Proceedings of the 21st Annual {ACM} Symposium on Theory of Computing,
               May 14-17, 1989, Seattle, Washigton, {USA}},
  pages     = {167--176},
  publisher = {{ACM}},
  year      = {1989},
  url       = {https://doi.org/10.1145/73007.73023},
  doi       = {10.1145/73007.73023}
}

@inproceedings{PR17,
  author    = {Toniann Pitassi and
               Robert Robere},
  editor    = {Hamed Hatami and
               Pierre McKenzie and
               Valerie King},
  title     = {Strongly exponential lower bounds for monotone computation},
  booktitle = {Proceedings of the 49th Annual {ACM} {SIGACT} Symposium on Theory
               of Computing, {STOC} 2017, Montreal, QC, Canada, June 19-23, 2017},
  pages     = {1246--1255},
  publisher = {{ACM}},
  year      = {2017},
  url       = {https://doi.org/10.1145/3055399.3055478},
  doi       = {10.1145/3055399.3055478}
}

@article{Jukna14,
  author    = {Stasys Jukna},
  title     = {Boolean Function Complexity Advances and Frontiers},
  journal   = {Bull. {EATCS}},
  volume    = {113},
  year      = {2014},
  url       = {http://eatcs.org/beatcs/index.php/beatcs/article/view/275}
}

@article{AlonB87,
  author    = {Noga Alon and
               Ravi B. Boppana},
  title     = {The monotone circuit complexity of Boolean functions},
  journal   = {Comb.},
  volume    = {7},
  number    = {1},
  pages     = {1--22},
  year      = {1987},
  url       = {https://doi.org/10.1007/BF02579196},
  doi       = {10.1007/BF02579196}
}

@book{RY20,
  author = {Rao, Anup and Yehudayoff, Amir},
  title = {Communication Complexity: and Applications},
  place = {Cambridge},
  doi = {10.1017/9781108671644},
  publisher = {Cambridge University Press},
  year = {2020}
}

@inproceedings{GP14,
  author    = {Mika G{\"{o}}{\"{o}}s and
               Toniann Pitassi},
  title     = {Communication lower bounds via critical block sensitivity},
  editor    = {David B. Shmoys},
  booktitle = {Symposium on Theory of Computing, {STOC} 2014, New York, NY, USA,
               May 31 - June 03, 2014},
  pages     = {847--856},
  publisher = {{ACM}},
  year      = {2014},
  url       = {https://doi.org/10.1145/2591796.2591838},
  doi       = {10.1145/2591796.2591838}
}

@article{GGKS20,
  author    = {Ankit Garg and
               Mika G{\"{o}}{\"{o}}s and
               Pritish Kamath and
               Dmitry Sokolov},
  title     = {Monotone Circuit Lower Bounds from Resolution},
  journal   = {Theory Comput.},
  volume    = {16},
  pages     = {1--30},
  year      = {2020},
  url       = {https://doi.org/10.4086/toc.2020.v016a013},
  doi       = {10.4086/toc.2020.v016a013}
}
