@article{KR11,
  author    = {Swastik Kopparty and
               Benjamin Rossman},
  title     = {The homomorphism domination exponent},
  journal   = {Eur. J. Comb.},
  volume    = {32},
  number    = {7},
  pages     = {1097--1114},
  year      = {2011},
  url       = {https://doi.org/10.1016/j.ejc.2011.03.009},
  doi       = {10.1016/j.ejc.2011.03.009}
}