@article{HLW06,
    author = {Shlomo Hoory and Nathan Linial and Avi Wigderson},
    title = {Expander graphs and their applications},
    journal = {BULL. AMER. MATH. SOC.},
    year = {2006},
    volume = {43},
    number = {4},
    pages = {439--561}
}

@book{jukna10,
 author = {Jukna, Stasys},
 title = {Extremal Combinatorics: With Applications in Computer Science},
 year = {2010},
 isbn = {3642085598, 9783642085598},
 edition = {1st},
 publisher = {Springer Publishing Company, Incorporated}
}

@book{AB09,
    author = {Arora, Sanjeev and Barak, Boaz},
    title = {Computational Complexity: A Modern Approach},
    year = {2009},
    isbn = {0521424267, 9780521424264},
    edition = {1st},
    publisher = {Cambridge University Press},
    address = {New York, NY, USA}
} 

@misc{Alon00,
    author = {Noga Alon and Joel H. Spencer},
    title = {The probabilistic method},
    year = {2000}
}