@article{HLW06,
    author = {Shlomo Hoory and Nathan Linial and Avi Wigderson},
    title = {Expander graphs and their applications},
    journal = {Bulletin of the American Mathematical Society},
    year = {2006},
    volume = {43},
    number = {4},
    pages = {439--561}
}

@misc{Shen16,
    author = {А. Ромащенко and А. Румянцев and А. Шень},
    title = {Заметки по теории кодирования},
    year = {2016}
}

@misc{Rom16,
    author = {А. Ромащенко},
    title = {Курс по теории экспандеров},
    year = {2016},
    url = {https://compsciclub.ru/courses/expanders/2017-spring/classes/}
}

@misc{Gold16,
    author = {Oded Goldreich},
    title = {Lecture notes on randomized methods in computation},
    url = {http://www.wisdom.weizmann.ac.il/~oded/rnd01.html}
}