@book{KushNis97,
 author = {Kushilevitz, Eyal and Nisan, Noam},
 title = {Communication Complexity},
 year = {1997},
 isbn = {0-521-56067-5},
 publisher = {Cambridge University Press},
 address = {New York, NY, USA},
} 

@book{Juk2012,
   title = "Boolean function complexity : advances and frontiers",
   author = "Jukna, Stasys",
   series = "Algorithms and combinatorics",
   publisher = "Springer",
   address = "Berlin, Heidelberg",
   isbn = "978-3-642-24507-7",
   year = 2012
}

@article{RaoYeh14,
  author    = {Anup Rao, Amir Yehudayoff},
  title     = {Simplified Lower Bounds on the Multiparty Communication Complexity of Disjointness},
  journal   = {Electronic Colloquium on Computational Complexity {(ECCC)}},
  year      = {2014},
  volume    = {60},
  url       = {http://eccc.hpi-web.de/report/2014/060/},
}

@article{BHP01,
  author = {Babai, László and Hayes, Thomas P. and Kimmel, Peter G.},
  title = {The Cost of the Missing Bit: Communication Complexity with Help},
  journal = {Combinatorica},
  number = 4,
  pages = {455-488},
  volume = 21,
  year = 2001
}

@misc{Ver10,
  title = {Курс в {CSC}lub},
  howpublished = {\url{http://compsciclub.ru/courses/communicationcomplexity}}
}

@misc{She10,
  title = {Курс в {UCLA}},
  howpublished = {\url{http://www.cs.ucla.edu/~sherstov/teaching/2012-winter/}}
}