@inproceedings{Sok17,
  author       = {D. Sokolov},
  title        = {Dag-Like Communication and Its Applications},
  booktitle    = {Computer Science - Theory and Applications - 12th International Computer
                  Science Symposium in Russia, {CSR} 2017, Kazan, Russia, June 8-12,
                  2017, Proceedings},
  pages        = {294--307},
  year         = {2017},
  note         = {\url{https://eccc.weizmann.ac.il/report/2016/202/}},
  doi          = {10.1007/978-3-319-58747-9_26}
}

@inproceedings{HruPud17,
  author       = {P. Hrube{\v{s}} and P. Pudl{\'{a}}k},
  title        = {A note on monotone real circuits},
  year         = {2017},
  note         = {\url{https://eccc.weizmann.ac.il/report/2017/048/}},
}

@article{Razb95,
  author    = {A. Razborov},
  title     = {Unprovability of lower bounds on circuit size in certain fragments of bounded arithmetic},
  journal   = {Izvestiya RAN. Ser. Mat.},
  year      = {1995},
  vol       = {59},
  issue     = {1},
  pages     = {201--224},
  note      = {http://people.cs.uchicago.edu/~razborov/files/ind.pdf}
}

@inproceedings{PitGoos14,
  author    = {M. G{\"{o}}{\"{o}}s and T. Pitassi},
  title     = {Communication lower bounds via critical block sensitivity},
  booktitle = {Symposium on Theory of Computing, {STOC} 2014, New York, NY, USA,
               May 31 - June 03, 2014},
  pages     = {847--856},
  year      = {2014},
  url       = {http://doi.acm.org/10.1145/2591796.2591838},
  doi       = {10.1145/2591796.2591838},
  note      = {https://arxiv.org/abs/1311.2355}
}


@article{FPPR17,
  author    = {N. Fleming and
               D. Pankratov and
               T. Pitassi and
               R. Robere},
  title     = {Random CNFs are Hard for Cutting Planes},
  journal   = {CoRR},
  volume    = {abs/1703.02469},
  year      = {2017},
  note      = {http://arxiv.org/abs/1703.02469},
}

@article{PudHruCP17,
  author    = {P. Hrubes and
               P. Pudl{\'{a}}k},
  title     = {Random formulas, monotone circuits, and interpolation},
  journal   = {Electronic Colloquium on Computational Complexity {(ECCC)}},
  volume    = {24},
  pages     = {42},
  year      = {2017},
  note      = {https://eccc.weizmann.ac.il/report/2017/042}
}


@article{Kraj16,
  author    = {Jan Kraj{\'{\i}}{\v{c}}ek},
  title     = {Randomized feasible interpolation and monotone circuits with a local
               oracle},
  journal   = {CoRR},
  volume    = {abs/1611.08680},
  year      = {2016},
  note      = {http://arxiv.org/abs/1611.08680}
}

@book{NK97,
  author    = {Eyal Kushilevitz and
               Noam Nisan},
  title     = {Communication complexity},
  publisher = {Cambridge University Press},
  year      = {1997},
  isbn      = {978-0-521-56067-2}
}


@inproceedings{PitNote14,
  author       = {T. Pitassi},
  title        = {Lecture notes on communication complexity},
  year         = {2014},
  note         = {https://www.cs.toronto.edu/~toni/Courses/CommComplexity2014/CS2429.html}
}

@article{HakCook99,
  author = {A. Haken and S. Cook},
  title = {An Exponential Lower Bound for the Size of Monotone Real Circuits},
  journal = {Journal of Computer and System Sciences},
  volume = {58},
  number = {2},
  pages = {326--335},
  year = {1999},
  issn = {0022-0000},
  doi = {http://dx.doi.org/10.1006/jcss.1998.1617}
  note = {www.cs.toronto.edu/~sacook/homepage/Haken.ps}
}